<record><leader>00000cas a2200000 a 4500</leader><controlfield tag="001">32887698</controlfield><controlfield tag="008">950728d19uu1960cauwr ne      0    0eng c</controlfield><datafield ind1=" " ind2=" " tag="010"><subfield code="a">sn 95061120 </subfield></datafield><datafield ind1=" " ind2=" " tag="040"><subfield code="a">CNK</subfield><subfield code="b">eng</subfield><subfield code="c">CNK</subfield><subfield code="d">OCLCQ</subfield><subfield code="d">CNK</subfield><subfield code="d">OCLCQ</subfield><subfield code="d">OCLCF</subfield><subfield code="d">OCLCO</subfield></datafield><datafield ind1=" " ind2=" " tag="019"><subfield code="a">460689862</subfield></datafield><datafield ind1="1" ind2=" " tag="029"><subfield code="a">AU@</subfield><subfield code="b">000025860263</subfield></datafield><datafield ind1=" " ind2=" " tag="042"><subfield code="a">pcc</subfield></datafield><datafield ind1=" " ind2=" " tag="043"><subfield code="a">n-us-ca</subfield></datafield><datafield ind1="0" ind2=" " tag="130"><subfield code="a">Palisadian (Pacific Palisades, Los Angeles, Calif.)</subfield></datafield><datafield ind1="1" ind2="4" tag="245"><subfield code="a">The Palisadian.</subfield></datafield><datafield ind1=" " ind2=" " tag="260"><subfield code="a">Pacific Palisades, Calif. :</subfield><subfield code="b">C.D. Clearwater</subfield></datafield><datafield ind1=" " ind2=" " tag="300"><subfield code="a">v.</subfield></datafield><datafield ind1=" " ind2=" " tag="310"><subfield code="a">Weekly</subfield></datafield><datafield ind1="0" ind2=" " tag="362"><subfield code="a">-v. 33, no. 16 (Aug. 26, 1960).</subfield></datafield><datafield ind1=" " ind2=" " tag="588"><subfield code="a">Description based on: Vol. 9, no. 9 (July 3, 1936).</subfield></datafield><datafield ind1=" " ind2="0" tag="651"><subfield code="a">Pacific Palisades (Los Angeles, Calif.)</subfield><subfield code="v">Newspapers.</subfield></datafield><datafield ind1=" " ind2="7" tag="655"><subfield code="a">Newspapers.</subfield><subfield code="2">fast</subfield><subfield code="0">(OCoLC)fst01423814</subfield></datafield><datafield ind1=" " ind2="7" tag="651"><subfield code="a">California</subfield><subfield code="z">Los Angeles</subfield><subfield code="z">Pacific Palisades.</subfield><subfield code="2">fast</subfield><subfield code="0">(OCoLC)fst01314224</subfield></datafield><datafield ind1=" " ind2=" " tag="752"><subfield code="a">United States</subfield><subfield code="b">California</subfield><subfield code="c">Los Angeles</subfield><subfield code="d">Los Angeles.</subfield></datafield><datafield ind1="0" ind2="7" tag="785"><subfield code="t">Pacific Palisades post</subfield><subfield code="w">(DLC)sn 00060635</subfield></datafield><datafield ind1="0" ind2="7" tag="785"><subfield code="t">Palisadian Pacific Palisades post</subfield><subfield code="w">(DLC)sn2011271196</subfield></datafield></record>